<record><leader>00000cas a22000007a 4500</leader><controlfield tag="001">10896979</controlfield><controlfield tag="008">840628d18701873iauwr ne      0    0eng d</controlfield><datafield ind1=" " ind2=" " tag="010"><subfield code="a">sn 84027145 </subfield></datafield><datafield ind1=" " ind2=" " tag="040"><subfield code="a">NPU</subfield><subfield code="b">eng</subfield><subfield code="c">NPU</subfield><subfield code="d">INP</subfield><subfield code="d">OCLCQ</subfield></datafield><datafield ind1=" " ind2=" " tag="042"><subfield code="a">msc</subfield></datafield><datafield ind1="0" ind2="4" tag="245"><subfield code="a">The Palo Alto advance.</subfield></datafield><datafield ind1=" " ind2=" " tag="260"><subfield code="a">Emmetsburg, Iowa :</subfield><subfield code="b">E.J. Hartshorn &amp; Co.</subfield></datafield><datafield ind1=" " ind2=" " tag="300"><subfield code="a">v. ;</subfield><subfield code="c">68 cm.</subfield></datafield><datafield ind1=" " ind2=" " tag="310"><subfield code="a">Weekly</subfield></datafield><datafield ind1="1" ind2=" " tag="362"><subfield code="a">Began in June 1870; ceased in 1873.</subfield><subfield code="z">Cf. Bibl. of Iowa newspapers, 1836-1976.</subfield></datafield><datafield ind1=" " ind2=" " tag="588"><subfield code="a">Description based on: Vol. 3, no. 41 (Apr. 22, 1873).</subfield></datafield><datafield ind1=" " ind2=" " tag="752"><subfield code="a">United States</subfield><subfield code="b">Iowa</subfield><subfield code="c">Palo Alto</subfield><subfield code="d">Emmetsburg.</subfield></datafield><datafield ind1="0" ind2="0" tag="785"><subfield code="t">Palo Alto patriot</subfield></datafield></record>